%% This BibTeX bibliography file was created using BibDesk.
%% http://bibdesk.sourceforge.net/


%% Created for Lauro Cesar Araujo at 2013-08-21 10:57:09 -0300 
%%Edited by Raul Henrique Santana at 2018-something-something


%% Saved with string encoding Unicode (UTF-8) 

@article{MACHADO2016290,
  author={Mauricio Marins {Machado} and Maria Conceição Sampaio {de Sousa} and Geoffrey {Hewings}},
  title={{Economies of scale and technological progress in electric power production: The case of Brazilian utilities}},
  journal={Energy Economics},
  year=2016,
  volume={59},
  number={C},
  pages={290-299},
  month={},
  keywords={Power supply; Scale economies; Technical change; Translog function; Seemingly unrelated regressions;},
  doi={10.1016/j.eneco.2016.06.0},
}

@article{ACKERMANN2001195,
	title = "Distributed generation: a definition",
	journal = "Electric Power Systems Research",
	volume = "57",
	number = "3",
	pages = "195 - 204",
	year = "2001",
	issn = "0378-7796",
	doi = "https://doi.org/10.1016/S0378-7796(01)00101-8",
	keywords = "Dispersed generation, Embedded generation, Distributed generation, Distributed resources, Distributed utility, Power distribution",
	author={T. {Ackermann}, G. {Anderson} and L {Söder}}
}

@online{ANEEL_GD,
  author = {ANEEL},
  title = {Geração Distribuída},
  year = 2018,
  url = {http://www.aneel.gov.br/geracao-distribuida},
  urldate = {2019-02-24}
}


@inproceedings{LUIGIJUNIOR_ev_int,
	author={L. G. {Junior} and M. A. G. {de Brito} and L. P. {Sampaio} and C. A. {Canesin}},
	booktitle={2011 International Conference on Clean Electrical Power (ICCEP)},
	title={Evaluation of integrated inverter topologies for low power PV systems},
	year={2011},
	pages={35-39},
	keywords={high-frequency transformers;invertors;photovoltaic power systems;power convertors;power grids;power transformers;integrated inverter topology;low power PV system;power electronics converter complexity;solar photovoltaic inverter;photovoltaic module;grid-connected configuration;galvanic isolation;high-frequency transformer;low power single phase inverter;Inverters;Topology;Photovoltaic systems;Inductors;Photovoltaic cells;Low-Power Inverters;Photovoltaic Modules;Stage Integration;Single-phase Solar Inverters},
	doi={10.1109/ICCEP.2011.6036325},
	month={June}
}

@inproceedings{LUIGI_int_top,
	author={G. {Luigi} and M. A. G. {de Brito} and L. P. {Sampaio} and C. A. {Canesin}},
	booktitle={2010 9th IEEE/IAS International Conference on Industry Applications - INDUSCON 2010},
	title={Integrated inverter topologies for low power photovoltaic systems},
	year={2010},
	pages={1-5},
	keywords={invertors;low-power electronics;photovoltaic power systems;power convertors;integrated inverter topologies;low power photovoltaic systems;stage integration;photovoltaic system converters;low power PV applications;boost stage;regulated stand-alone;grid-connected;inverter stage;control schemes;power decoupling;Converters;Inverters;Topology;Capacitors;Photovoltaic systems;Inductors},
	doi={10.1109/INDUSCON.2010.5740000},
	month={Nov},
}

@inproceedings{Bouzguenda_smart_grid_inv,
	author={M. {Bouzguenda} and A. {Gastli} and A. H. A. {Badi} and T. {Salmi}},
	booktitle={2011 IEEE PES Conference on Innovative Smart Grid Technologies - Middle East},
	title={Solar photovoltaic inverter requirements for smart grid applications},
	year={2011},
	pages={1-5},
	keywords={distributed power generation;invertors;load flow control;photovoltaic power systems;renewable energy sources;smart power grids;substation automation;smart grid;solar photovoltaic inverter;distributed generation;centralized supply sources;renewable energy resources;distributed energy resources;integrated monitoring;integrated control;substation automation;energy flow control;intermittent generation;transformerless inverters;Inverters;Smart grids;Educational institutions;Topology;Photovoltaic systems;Renewable energy resources;Leakage current;Smart grid;smart inverter;transformerless micro inverter;common mode voltage;leakage current},
	doi={10.1109/ISGT-MidEast.2011.6220799},
	month={Dec},
}

@inproceedings{Nezamuddin_des_eff_micro, 
	author={O. {Nezamuddin} and J. {Crespo} and E. C. {dos Santos}}, 
	booktitle={2016 IEEE 43rd Photovoltaic Specialists Conference (PVSC)}, 
	title={Design of a highly efficient microinverter}, 
	year={2016}, 
	pages={3463-3468}, 
	keywords={DC-AC power convertors;DC-DC power convertors;invertors;photovoltaic power systems;PWM power convertors;highly-efficient microinverter design;grid-tied single-phase photovoltaic microinverter;grid-tied single-phase PV microinverter;five-level four-switch DC-AC converter;isolated fly-back DC-DC converter;split-coil inductor;pulse width modulation;loss reduction;switching frequency spectra;Switches;Solar panels;DC-AC power converters;Topology;Voltage measurement;Pulse width modulation;Switching loss;microinverter;energy conversion;photovoltaic system;power electronics}, 
	doi={10.1109/PVSC.2016.7750310}, 
	month={June},
}

@inproceedings{Shawky_perform_anal, 
	author={A. {Shawky} and M. E. {Ahmed} and M. {Orabi}}, 
	booktitle={2016 Eighteenth International Middle East Power Systems Conference (MEPCON)}, 
	title={Performance analysis of isolated DC-DC converters utilized in Three-phase differential inverter}, 
	year={2016}, 
	pages={821-826}, 
	keywords={DC-DC power convertors;invertors;isolated DC-DC converters;differential mode three-phase microinverter;DTMI;module integrated PV architectures;PV module voltage;three-phase voltages;flyback converters;Cuk converters;single-ended primary-inductor converter;SEPIC;voltage gain;voltage isolation;buck-boost feature;common mode voltage;CMV;voltage stress;Inverters;DC-DC power converters;Topology;Stress;Capacitors;Modulation;Performance analysis;Differential inverter;PV architecture;three-phase micro inverter}, 
	doi={10.1109/MEPCON.2016.7836989}, 
	month={Dec},
}

@article{PV-Teory, 
	author={F. M. {de Oliveira} and S. A. {Oliveira da Silva} and F. R. {Durand} and L. P. {Sampaio} and V. D. {Bacon} and L. B. G. {Campanhol}}, 
	journal={IET Power Electronics}, 
	title={Grid-tied photovoltaic system based on PSO MPPT technique with active power line conditioning}, 
	year={2016}, 
	volume={9}, 
	number={6}, 
	pages={1180-1191}, 
	keywords={invertors;maximum power point trackers;particle swarm optimisation;photovoltaic power systems;power cables;power grids;reactive power control;maximum power point trackers;PSO;MPPT;active power line conditioning;single-phase grid-tied photovoltaic system;particle swarm optimisation;current generator algorithm;DC-bus controller;grid-tied inverter;reactive power compensation;harmonic currents suppression}, 
	doi={10.1049/iet-pel.2015.0655}, 
	ISSN={1755-4535}, 
	month={},
}

@inproceedings{PV-theory2, 
	author={Z. {Gao} and S. {Li} and X. {Zhou} and Y. {Ma}}, 
	booktitle={2016 IEEE International Conference on Mechatronics and Automation}, 
	title={An overview of PV system}, 
	year={2016}, 
	pages={587-592}, 
	keywords={maximum power point trackers;photovoltaic power systems;semiconductor materials;solar cells;solar power;PV system;photovoltaic power generation system;solar power;solar cells;semiconductor material;electronics characteristic;P-V conversion;renewable energy;maximum power point tracking;islanding phenomenon;inverter;Inverters;Voltage control;Maximum power point trackers;Islanding;Time-frequency analysis;Photovoltaic cells;PV system;MPPT;Islanding detection;Inverter}, 
	doi={10.1109/ICMA.2016.7558629}, 
	ISSN={2152-744X}, 
	month={Aug}
}

@inbook{RASHID_CUK,
	Author = {Dariusz {Czarkowski}},
	Editor = {Muhammad H. {Rashid}},
	Booktitle = {Power Electronics Handbook},
	Pages = {218},
	Publisher = {Academic Press},
	Title = {Cuk Converter},
	Year = {2001},
	Chapter = {13}
}

@inbook{RASHID_VSI,
	Author = {José R. {Espinoza}},
	Editor = {Muhammad H. {Rashid}},
	Booktitle = {Power Electronics Handbook},
	Pages = {231-232},
	Publisher = {Academic Press},
	Title = {Full-Bridge VSI},
	Year = {2001},
	Chapter = {14}
}

@inbook{Pomilio_Cap_5,
	Author = {José Antenor {Pomilio}},
	Booktitle = {Eletrônica de Potência para Geração, Transmissão e Distribuição de Energia Elétrica},
	Publisher = {UNICAMP},
	Title = {CONVERSORES CC/CA - INVERSORES},
	Year = {2017},
	Chapter = {5},
	Month = {Julho},
	Url = {http://www.dsce.fee.unicamp.br/~antenor/pdffiles/it744/cap5.pdf},
	Urlaccessdate = {25 março 2019}
}

@inproceedings{JOSEPH_2015_Intervealed_CUK, 
	author={K. D. {Joseph} and A. E. {Daniel} and A. {Unnikrishnan}}, 
	booktitle={2015 10th Asian Control Conference (ASCC)}, 
	title={Reduced ripple interleaved cuk converter with phase shifted PWM}, 
	year={2015}, 
	pages={1-6}, 
	keywords={DC-DC power convertors;power conversion harmonics;power supply quality;PWM power convertors;switched mode power supplies;ripple reduction;interleaved Cuk converter;phase shifted PWM;low voltage switch mode power supply;high current switch mode power supply;phase shifted pulse width modulation;voltage 40 V;power 80 W;Inductors;Switches;Pulse width modulation;Capacitors;Mathematical model;Stress;Harmonic analysis}, 
	doi={10.1109/ASCC.2015.7244782}, 
	month={May}
}

@inproceedings{JOSEPH_2018_Intervelead_cuk, 
	author={K. D. {Joseph} and A. E. {Daniel} and A. {Unnikrishnan}}, 
	booktitle={2018 International Conference on Power, Instrumentation, Control and Computing (PICC)}, 
	title={Interleaved Cuk Converter with reduced switch current}, 
	year={2018}, 
	pages={1-6}, 
	keywords={DC-DC power convertors;inductors;PWM power convertors;switched mode power supplies;switching convertors;source current;ICC;input inductors;switch peak current;switches;output power;reduced switch;intermediate power conversion processes;power conversions;output sides;ripple reduction;DC to DC converters;traditional cuk converter;step-up converters;interleaved cuk converter;TCC;switch peak current reduction;input power quality improvement;phase shifted PWM scheme;PSPWM scheme;Inductors;Switches;Mathematical model;Capacitors;Reliability;Switching circuits;Energy storage;current sharing;reduced switch current;compensator;reduced source current}, 
	doi={10.1109/PICC.2018.8384803}, 
	month={Jan}
}

@inproceedings{Talha_MPPT,
	author={D. {Beriber} and A. {Talha}},
	booktitle={4th International Conference on Power Engineering, Energy and Electrical Drives},
	title={MPPT techniques for PV systems},
	year={2013},
	pages={1437-1442},
	keywords={DC-DC power convertors;fuzzy control;maximum power point trackers;perturbation techniques;photovoltaic power systems;power generation control;MPPT techniques;PV systems;maximum power tracking techniques;perturb and observe tracking technique;P&O tracking technique;incremental conductance tracking technique;InC tracking technique;fuzzy logic based tracking technique;photovoltaic current measurement;sensor algorithm;fuzzy logic controller;FLC;DC-DC converter;Fuzzy logic;Maximum power point trackers;Batteries;Arrays;Power engineering;Steady-state;Photovoltaic cells;MPPT;Buck-Boost;Perturb and Observe;Fuzzy logic controller;NPC-VSI;Grid},
	doi={10.1109/PowerEng.2013.6635826},
	ISSN={2155-5532},
	month={May}
}

@inproceedings{MPPT_P&O_IC, 
	author={T. {Jayakumaran} and G. {Gurunathau} and C. V. {Srlkanth} and M. K. {Shashank} and R. {Venkatesh} and B. {Ramkiran} and P. {Neelamegam}}, 
	booktitle={2018 International Conference on Computation of Power, Energy, Information and Communication (ICCPEIC)}, 
	title={A Comprehensive Review on Maximum Power Point Tracking Algorithms for Photovoltaic Cells}, 
	year={2018}, 
	pages={343-349}, 
	keywords={maximum power point trackers;photovoltaic cells;photovoltaic power systems;power electronics;solar cells;solar power;Maximum power point tracking algorithms;photovoltaic cells;renewable sources;solar energy;solar power installations;solar radiation;PV cell;solar power electronic converters;solar cell;solar cells;Photovoltaic cells;Maximum power point trackers;Perturbation methods;Integrated circuits;Mathematical model;Temperature;Solar radiation;Solar cells;Maximum Power Point Tracking;Efficiency}, 
	doi={10.1109/ICCPEIC.2018.8525191}, 
	ISSN={2576-9065}, 
	month={March}
}


@online{Canadian_Datasheet,
	author = {{Canadian Solar}},
	title = {PV Module Product Datasheet V5.571 EN},
	year = 2018,
	url = {https://www.canadiansolar.com/upload/37080f6dcf409df2/6eb95e52d0590f66.pdf},
	urldate = {2019-04-07}
}

@online{PSIM_PV,
	author = {Powersim},
	title = {PSIM Tutorial - How to Use Solar Module Physical Model},
	year = {20-?},
	url = {https://powersimtech.com/drive/uploads/2016/04/Tutorial-Solar-Module-physical-model.pdf},
	urldate = {2019-04-08}
}

@online{MCASA_SOLAR,
  author = {Minha Casa Solar},
  title = {Painel Solar 300W Monocristalino Canadian Solar - CS6K-300MS},
  year = 2019,
  url = {https://www.minhacasasolar.com.br/produto/painel-solar-300w-monocristalino-canadian-solar-cs6k-300ms-79273},
  urldate = {2019-04-07}
}

@article{LCL_FILTER,
	author = {Chabakata {Mahamat} and Mickael {Petit} and François {Costa} and Rym {Marouani} and Abdelkader {Mami}},
	year = {2017},
	month = {12},
	pages = {618-632},
	title = {Optimized Design of an LCL Filter for Grid Connected Photovoltaic System and Analysis of the Impact of Neighbors’ Consumption on the System},
	volume = {13},
	journal = {Journal of Electrical Systems}
}

@article{LCL_FILTER_Reznik,
	author = {Aleksandr {Reznik} and Marcelo {Simoes} and Ahmed {Al-Durra} and S M {Muyeen}},
	year = {2014},
	month = {03},
	pages = {1225-1232},
	title = {{LCL} Filter Design and Performance Analysis for Grid-Interconnected Systems},
	volume = {50},
	journal = {IEEE Transactions on Industry Applications},
	doi = {10.1109/TIA.2013.2274612}
}

@phdthesis{mauriciomarinsmachado2014,
	author = {Mauricio Marins {Machado}},
	title  = "Economias De Escala e Eficiência Na Geração De Energia Eétrica No Brasil",
	School = {Universidade de Bras{\'\i}lia},
	year   = "2014"
}